<?xml version="1.0" encoding="UTF-8"?><collection xmlns="http://www.loc.gov/MARC21/slim"><record><leader>00531nam--2200193-u-4500</leader><controlfield tag="001">000055663</controlfield><controlfield tag="002">20161230</controlfield><controlfield tag="005">20161230201052</controlfield><controlfield tag="008">130326s1000------------r-----000-0-rus-d</controlfield><datafield ind1=" " ind2=" " tag="040"><subfield code="a">IFIN-HH</subfield></datafield><datafield ind1=" " ind2=" " tag="041"><subfield code="a">rus</subfield></datafield><datafield ind1=" " ind2=" " tag="080"><subfield code="a">621.039.512</subfield></datafield><datafield ind1="1" ind2=" " tag="100"><subfield code="a">Hughes, D.J</subfield></datafield><datafield ind1="1" ind2="0" tag="245"><subfield code="a">Neitronnie issledovania na iadernih kotlah</subfield><subfield code="c">D.j. hughes</subfield></datafield><datafield ind1=" " ind2=" " tag="260"><subfield code="a">Moskba</subfield><subfield code="b">Inostrannoi Literaturi</subfield><subfield code="c">1954</subfield></datafield><datafield ind1=" " ind2=" " tag="300"><subfield code="a">479P</subfield></datafield><datafield ind1=" " ind2=" " tag="500"><subfield code="a">Titlul Original In Limba Engleza: Pile Neutron Research</subfield></datafield><datafield ind1=" " ind2=" " tag="852"><subfield code="a">4317</subfield><subfield code="c">H.H</subfield></datafield><datafield ind1=" " ind2=" " tag="CAT"><subfield code="a">Sys</subfield><subfield code="c">20130326</subfield><subfield code="h">165215</subfield></datafield></record></collection>